@article{cs230:2020,
  title={Football Match Prediction using Deep Learning (Recurrent Neural Network)},
  author={Ahmed Amr Awadallah, Raghav Khandelwal},
  journal={cs230 stanford},
  year={2020},
  publisher={Stanford University}
}

@article{DBLP:journals/corr/OordDZSVGKSK16,
  author    = {A{\"{a}}ron van den Oord and
               Sander Dieleman and
               Heiga Zen and
               Karen Simonyan and
               Oriol Vinyals and
               Alex Graves and
               Nal Kalchbrenner and
               Andrew W. Senior and
               Koray Kavukcuoglu},
  title     = {WaveNet: {A} Generative Model for Raw Audio},
  journal   = {CoRR},
  volume    = {abs/1609.03499},
  year      = {2016},
  url       = {http://arxiv.org/abs/1609.03499},
  eprinttype = {arXiv},
  eprint    = {1609.03499},
  timestamp = {Thu, 14 Oct 2021 09:15:04 +0200},
  biburl    = {https://dblp.org/rec/journals/corr/OordDZSVGKSK16.bib},
  bibsource = {dblp computer science bibliography, https://dblp.org}
}

@misc{web:ck,
  author = {Dapper Labs and contributors},
  title = {Kitty-items},
  year = {2022},
  url = {https://github.com/onflow/kitty-items}
}

@misc{web:re,
  author = {Klint Finley},
  title = {A \$50 Million Hack Just Showed That the DAO Was All Too Human},
  year = {2016},
  url = {https://www.wired.com/2016/06/50-million-hack-just-showed-dao-human/}
}

@misc{web:design-pattern,
  author = {Alvaro Lillo Igualada},
  title = {Cadence Design Patterns},
  year = {2023},
  url ={https://developers.flow.com/cadence/design-patterns}
}

@misc{web:FT-Standard,
  author = {Alvaro Lillo Igualada and contributors},
  title = {Fungible Token Standard},
  year = {2022},
  url ={https://github.com/onflow/flow-ft}
}

@misc{web:nft,
  author = {Pieter Siemens and contributors},
  title = {Flow Non-Fungible Token Standard},
  year = {2022},
  url ={https://github.com/onflow/flow-nft}
}

@misc{web:marketplace,
  author = {Satyam Agrawal},
  title = {Marketplace},
  year = {2022},
  url ={https://developers.flow.com/cadence/tutorial/08-marketplace-compose}
}